@misc{scrum,
    title = {{SCRUM}},
    howpublished = {\url{http://en.wikipedia.org/wiki/Scrum_(software_development)}},
    note = {Accessed: 2014-04-24}
}

@article{schwaber2002gile,
  title={Agile Software Development with Scrum},
  author={Schwaber, Ken and Beedle, Mike},
  year={2002}
}

@misc{moscow,
    title={Key words for use in RFCs to Indicate Requirement Levels},
    howpublished = {\url{http://www.ietf.org/rfc/rfc2119.}},
    note = {Accessed: 2014-06-20}
}

@book{moscow-clegg,
 author = {Clegg, Dai and Barker, Richard},
 title = {Case Method Fast-Track: A Rad Approach},
 year = {1994},
 isbn = {020162432X},
 publisher = {Addison-Wesley Longman Publishing Co., Inc.},
 address = {Boston, MA, USA},
} 

@misc{mvp,
  title={Venture Hacks interview: "What is the minimum viable product?"},
  author={Eric Ries},
  year={2009},
  month=3,
  howpubished={Lessons Learned, \url{www.startuplessonslearned.com/2009/03/minimum-viable-product.html}}
}

@article{fowler2001agile,
  title={The agile manifesto},
  author={Fowler, Martin and Highsmith, Jim},
  journal={Software Development},
  volume={9},
  number={8},
  pages={28--35},
  year={2001},
  publisher={[San Francisco, CA: Miller Freeman, Inc., 1993-}
}

@article{holtzblatt1993contextual,
  title={Contextual inquiry: A participatory technique for system design},
  author={Holtzblatt, Karen and Jones, Sandra},
  journal={Participatory design: Principles and practices},
  pages={177--210},
  year={1993}
}

@article{likert1932technique,
  title={A technique for the measurement of attitudes.},
  author={Likert, Rensis},
  journal={Archives of psychology},
  year={1932}
}

@misc{paas-list-tomsitpro,
    title = {{PaaS Providers List: 2014 Comparison And Guide}},
    howpublished = {\url{http://www.tomsitpro.com/articles/paas-providers,1-1517.html}},
    note = {Accessed: 2014-04-28}
}

@misc{azure-scala,
    title = {{Using Scala and the Play Framework in Windows Azure}},
    howpublished = {\url{http://blog.smarx.com/posts/using-scala-and-the-play-framework-in-windows-azure}},
    note = {Accessed: 2014-04-28}
}

@misc{aws,
    title = {{Amazon Web Services (AWS) - Getting Started}},
    howpublished = {\url{https://aws.amazon.com/developers/getting-started/}},
    note = {Accessed: 2014-04-28}
}

@misc{azuretablestorage,
    title = {Microsoft Azure Table Storage – Not Your Father’s Database},
    howpublished = {\url{http://msdn.microsoft.com/en-us/magazine/ff796231.aspx}},
    note = {Accessed: 2014-05-01}
}

@article{meijer2011world,
  title={The world according to LINQ},
  author={Meijer, Erik},
  journal={Queue},
  volume={9},
  number={8},
  pages={60},
  year={2011},
  publisher={ACM}
}

@misc{entityframework-msdn,
 title={{MSDN} - {E}ntity {F}ramework},
 howpublished = {\url{http://msdn.microsoft.com/nl-nl/data/ef.aspx}}, 
 note = {Accessed: 2014-06-08}
}

@misc{entityframework-facto,
 title={Setting up {E}ntity {F}ramework for Production Use},
 howpublished = {\url{http://www.dotnetcurry.com/showarticle.aspx?ID=820}}, 
 note = {Accessed: 2014-06-08}
}

% MSDN over multi-tier
% http://msdn.microsoft.com/en-us/library/ee658109.aspx
% BL: http://msdn.microsoft.com/en-us/library/ee658103.aspx
% BL-c: http://msdn.microsoft.com/en-us/library/ee658102.aspx
% PL: http://msdn.microsoft.com/en-us/library/ee658081.aspx
% DL: http://msdn.microsoft.com/en-us/library/ee658127.aspx

%%%%% Web App frameworks %%%%%%
@misc{jq-mobile,
  title = {{jQ}uery {M}obile},
  howpublished = {\url{http://jquerymobile.com/}},
  note = {Accessed: 2014-04-23}
}

@misc{sencha,
  title = {Sencha {T}ouch},
  howpublished = {\url{http://www.sencha.com/}},
  note = {Accessed: 2014-04-23}
}

@misc{meteor,
  title = {Meteor},
  howpublished = {\url{http://www.meteor.com/}},
  note = {Accessed: 2014-04-23, Real-time Javascript Web App Framework}
}

@misc{angular,
  title = {Angular{JS}},
  howpublished = {\url{https://angularjs.org/}},
  note = {Accessed: 2014-04-23, JavaScript MVVM framework by Google}
}

@misc{backbone,
  title = {Backbone.js},
  howpublished = {\url{http://backbonejs.org/}},
  note = {Accessed: 2014-04-23, Lightweight JavaScript Model–view–presenter framework by DocumentCloud}
}

@misc{ember,
  title = {Ember.js},
  howpublished = {\url{http://emberjs.com/}},
  note = {Accessed: 2014-04-23}
}

@misc{ionic,
  title = {Ionic},
  howpublished = {\url{http://ionicframework.com/}},
  note = {Accessed: 2014-04-23}
}

@misc{react,
  title = {React},
  howpublished = {\url{http://facebook.github.io/react/}},
  note = {Accessed: 2014-04-23, JavaScript UI framework by Facebook}
}

%%%%% WebView's %%%%%%
@misc{titanium,
  title = {Titanium},
  howpublished = {\url{http://www.appcelerator.com/titanium/}},
  note = {Accessed: 2014-04-23}
}

@misc{cordova,
  title = {Apache {C}ordova},
  howpublished = {\url{https://cordova.apache.org/}},
  note = {Accessed: 2014-04-23, formerly known as PhoneGap. PhoneGap is now a distribution of Apache Cordova}
}


%%%%% Cross Compiling %%%%%%
@misc{xamarin,
  title = {Xamarin},
  howpublished = {\url{http://xamarin.com/}},
  note = {Accessed: 2014-04-23}
}

@misc{adobeair,
  title = {Adobe {AIR}},
  howpublished = {\url{http://www.adobe.com/nl/products/air.html}},
  note = {Accessed: 2014-04-23}
}

@misc{xmlvm, title = {{XMLVM}}, howpublished = {\url{http://xmlvm.org/}}, note = {Accessed: 2014-05-01}}


@misc{apportable, title = {Apportable}, howpublished = {\url{http://www.apportable.com/}}, note = {Accessed: 2014-05-01}}


@misc{msdnsoc,
    title={Key Principles of Software Architecture},
    howpublished = {\url{http://msdn.microsoft.com/en-us/library/ee658124.aspx},
    note = {Accessed: 2014-06-19}
}

@TECHREPORT{hursch95separationof,
    author = {Walter L. Hürsch and Cristina Videira Lopes},
    title = {Separation of Concerns},
    institution = {},
    year = {1995}
}